@phdthesis{zoccoDragFreeControl2020,
  title = {{Drag Free Control Design for a space-based Gravitational Wave Observatory = Drag Free Control Design for a space-based Gravitational Wave Observatory}},
  author = {Zocco, Agata},
  year = {2020},
  month = jul,
}


