@book{liuhaiyang,
	author = {刘海洋},
	title = {\LaTeX 入门},
	year={2013}
}

@article{canuto_embedded_2018,
	title = {Embedded model control: {Reconciling} modern control theory and error-based control design},
	volume = {16},
	issn = {2198-0942},
	shorttitle = {Embedded model control},
	url = {https://doi.org/10.1007/s11768-018-8130-1},
	doi = {10.1007/s11768-018-8130-1},
	language = {en},
	number = {4},
	urldate = {2019-07-16},
	journal = {Control Theory and Technology},
	author = {Canuto, Enrico and Novara, Carlo and Colangelo, Luigi},
	month = nov,
	year = {2018},
	keywords = {embedded model control, disturbance rejection, error loop, error-based design, Modern control theory},
	pages = {261--283}
}

@article{canuto_orbit_2015,
	title = {Orbit and formation control for low-earth-orbit gravimetry drag-free satellites},
	volume = {229},
	issn = {0954-4100},
	url = {https://doi.org/10.1177/0954410014548236},
	doi = {10.1177/0954410014548236},
	year = {2015},
	pages = {1194--1213}
}

@article{canuto_satellite_2015,
	title = {Satellite-to-satellite attitude control of a long-distance spacecraft formation for the {Next} {Generation} {Gravity} {Mission}},
	volume = {25},
	issn = {0947-3580},
	url = {http://www.sciencedirect.com/science/article/pii/S0947358015000394},
	doi = {10.1016/j.ejcon.2015.03.003},
	urldate = {2019-10-11},
	journal = {European Journal of Control},
	author = {Canuto, Enrico and Colangelo, Luigi and Lotufo, Mauricio and Dionisio, Sabrina},
	month = sep,
	year = {2015},
	keywords = {Drag-free control, Attitude control, Gravimetry, Hybridization, Pointing control},
	pages = {1--16}
}