@book{liuhaiyang,
	author = {刘海洋},
	title = {\LaTeX 入门},
	year={2013}
}