@article{ObservationGravitationalWaves2016,
  title = {Observation of Gravitational Waves from a  Binary Black Hole Merger},
  author = {{LIGO Scientific Collaboration and Virgo Collaboration} and Abbott, B. P. and et~al},
  year = {2016},
  month = feb,
  journal = {Physical Review Letters},
  volume = {116},
  number = {6},
  pages = {061102},
  publisher = {American Physical Society}
}


@article{LISALaserInterferometer1998,
  title = {{LISA Laser Interferometer Space Antenna} for the Detection and Observation of Gravitational Waves},
  author = {Bender, P. and Brillet, A. and Ciufolini, I. and et~al},
  year = {1998},
  journal = {Max-Planck Institut f\"ur Quantenoptik}
}


@article{SubFemtogFreeFall2016,
  title = {Sub-{{Femto-g Free Fall}} for {{Space-Based Gravitational Wave Observatories}}: {{LISA Pathfinder Results}}},
  author = {Armano, M. and Audley, H. and Auger, G. and et~al},
  year = {2016},
  month = jun,
  journal = {Physical Review Letters},
  volume = {116},
  number = {23},
  pages = {231101}
}

